# Lista de atributos para utilização
# http://mvngu.wordpress.com/category/open-source-software/bibtex/

@Article{ WebStory,
       	author = "CERN - Web Communications",
       	title = "How the web began",
	url = "http://public.web.cern.ch/public/en/about/WebStory-en.html",
       	year = "2008" }

@Article{ W3Cfacts,
	author = "W3C",
	title = "FACTS ABOUT W3C",
	url = "http://www.w3.org/Consortium/facts",
	year = "2012" }
	
@misc{ W3schools, 
	author = "W3Schools",
	title = "Browser Statistics",
	url = "http://www.w3schools.com/browsers/browsers_stats.asp",
	note = "Acessado em: 2013-06-08",
	year = "2013",
}

@misc{ W3schoolsHTML5, 
	author = "W3Schools",
	title = "HTML5 Introduction",
	url = "http://www.w3schools.com/html/html5_intro.asp",
	note = "Acessado em: 2013-06-08",
	year = "2013",
}

@Article { WebServices,
	author = "Francisco Curbera, William A. Nagy and Sanjiva Weerawarana",
	title = "Web Services: Why and How",
	publisher = "IBM T.J. Watson Research Center",
	url = "https://researcher.ibm.com/files/us-bth/nagy.pdf",
	year = "2001"
}

@Article { HTML5spec,
	author = "W3C",
	title = "HTML5: A vocabulary and associated APIs for HTML and XHTML",
	url = "http://dev.w3.org/html5/spec/single-page.html",
	publisher = "Editor's Draft 1 September 2012",
	year = "2012"
}

@Article { WebPStudy,
	author = "Google",
	title = "Comparative Study of WebP, JPEG and JPEG 2000",
	url = "https://developers.google.com/speed/webp/docs/c_study",
	year = "2010"
}23csc\

@misc { WebFaster,
	author = "Google",
	title = "Make the Web Faster",
	url = "https://developers.google.com/speed/",
	year = "2012" 
}

@misc { BrowserStats,
	author = "StatCounter",
	title = "StatCounter Browsers Global Stats",
	url = "http://gs.statcounter.com/",
	year = "2013",
	type = {Website},
}

@Article{ TheWorldWideWebBrowser,
	author = "Tim Berners-Lee",
	title = "The WorldWideWeb browser",
	url = "http://www.w3.org/People/Berners-Lee/WorldWideWeb.html"
}

@Article { BloombergGameChangers,
	author = "Bloomberg",
	title = "Bloomberg Game Changers: Marc Andreesen",
	url = "http://www.bloomberg.com/video/67758394",
	year = "2012",
	note = "Acessado em: 2012-09-03"
}

@Article { ArchitectureWebBrowsers,
	article = "A reference architecture for Web browsers",
	title = "A reference architecture for Web browsers",
	author = {Grosskurth, Alan and Godfrey, Michael W.},
	url = "http://ieeexplore.ieee.org/ielx5/10097/32336/01510168.pdf",
	year = "2005",
	publisher = "IEEE Computer Society"
}

@Article { WebAppPlataform,
	article = "The Web as an Application Platform: The Saga Continues",
	title = "The Web as an Application Platform: The Saga Continues",
	author = "Taivalsaari, Antero and Mikkonen, Tommi",
	url = "http://ieeexplore.ieee.org/ielx5/6068192/6068309/06068340.pdf",
	year = "2011",
	publisher = "IEEE Computer Society"
 }
@book{ HTML5Intro,
	author = "Bruce Lawson \& Remy Sharp",
	title = "Introducing HTML 5",
	edition = "Second Edition",
	publisher = "New Riders",
	year = "2011",
	pages = "11-15"
}

@Article { WebPLossyStudy,
	article = "WebP Compression Study",
	author = "Google",
	title = "WebP Compression Study",
	year = "2012",
	url = "https://developers.google.com/speed/webp/docs/webp_study"
}

@misc { FirefoxBug,
	title = "Implement WebP image support",
	year = "2010",
	url = "https://bugzilla.mozilla.org/show_bug.cgi?id=600919"
}

@misc { WebPCritica,
	title = "Críticas ao WebP",
	author = "Jeff Muizelaar",
	year = "2011",
	url = "http://muizelaar.blogspot.com.br/2011/04/webp.html"
}

@misc { JPEG, 
	title = "Joint Photographic Experts Group, JPEG2000",
	author = "Joint Photographic Experts Group",
	url = "http://www.jpeg.org/jpeg2000/index.html"
}

@misc { HSW_WebPage,
	title = "How Web Pages Work"
	}

@article{DBLP:journals/spic/GinesuPG12,
  author    = {Giaime Ginesu and
               Maurizio Pintus and
               Daniele D. Giusto},
  title     = {Objective assessment of the WebP image coding algorithm},
  journal   = {Sig. Proc.: Image Comm.},
  volume    = {27},
  number    = {8},
  year      = {2012},
  pages     = {867-874},
  ee        = {http://dx.doi.org/10.1016/j.image.2012.01.011},
  bibsource = {DBLP, http://dblp.uni-trier.de}
}

@Article { HDPhoto,
	article = "The JPEG XR image coding standard",
	title = "The JPEG XR image coding standard [Standards in a Nutshell]",
	author = "Dufaux, F. and Sullivan, G.J. and  Ebrahimi, T.",
	year = "2009",
	publisher = "IEEE Computer Society"
}

@misc { ChromiumBlog,
	author = {Konig, Stephen},
	title = {Using WebP to Improve Speed},
	journal = {The Chromium Blog},
	type = {Blog},
	number = {February 07},
	year = {2013},
	url = "http://blog.chromium.org/2013/02/using-webp-to-improve-speed.html"
}

@book{pfeiffer2010definitive,
  title={The Definitive Guide to HTML5 Video},
  author={Pfeiffer, S.},
  isbn={9781430230908},
  lccn={2012471838},
  series={Definitive Guide Series},
  url={http://books.google.com.br/books?id=CypiQKqHMesC},
  year={2010},
  publisher={Apress}
}

@Article{ CanvasElement,
	author = "W3C",
	title = "The canvas element",
	url = "http://www.w3.org/TR/2011/WD-html5-20110405/the-canvas-element.html",
	year = "2011" 
}

